2680 3331
1295 141 1367 198 12

185 283 324 352 Paos.
368 284 432 337 Π.
469 288 542 329 29.
588 283 630 343 ξ.
671 288 724 338 7,
767 297 874 343 eum
914 283 1064 330 dieat:
1125 284 1259 338 „Sed
1289 286 1343 333 si.
1370 286 1626 344 inpmima
1653 285 2133 344 ,iovem-M
2159 294 2236 332 est
2269 287 2475 341 occisus,

187 364 427 428 quomodo
460 366 507 408 ei
536 363 872 426 Pausanias·§.
903 368 951 409 4.
985 366 1106 417 duos
1138 367 1263 411 filios
1294 366 1699 426 potuittrihuen
1712 365 2474 428 (maneamne-nepem„

187 444 437 491 Clavierus
465 445 587 491 hanc
619 460 719 490 rem
757 447 826 490 ita
858 446 1220 506 expediendam·
1247 448 1457 508 putavit,
1489 454 1551 492 ut
1586 446 1736 505 (Hist.
1760 448 1816 495 sd.
1841 462 1997 509 μου.
2025 449 2474 510 *mundatorem

186 526 222 571 Ι.
266 529 362 589 62.)
413 526 658 590 Crisum
695 528 1156 593 Panopeumque
1193 528 1383 595 'Phoci
1426 529 1685 591 ptissritn
1737 528 2265 592 ‘Qvtnysslssoneffinati
2297 530 2474 576 filios

187 609 381 676 diceret.
458 610 711 675 *videmur
770 617 930 674 antem
992 611 1299 673 probavisse,
1370 600 1462 667 'eos²
1504 618 1655 667 enatos,
1706 610 2089 673 sitim.‚Phppo,
2108 650 2114 663 ,.
2133 611 2474 669 ..Aeacifiliffi

186 699 235 757 et
263 691 481 754 indidem
509 705 658 754 genus
691 692 978 755 repetiyisse
1008 693 1164 752 Epeo
1180 707 1241 736 m.
1275 693 1575 753 Deindequi
1597 692 1847 751 Clavierus
1869 694 2473 755 metapontiffil’hocnm

186 772 312 818 hunc
343 773 489 837 Aeaci
526 787 777 833 unquam
806 774 1142 834 reliquisse
1175 774 1489 834 Aeginam,
1512 773 2192 835 cumeausanias„X..3n„-ss§.
2214 757 2473 834 λάμπῃ-

186 854 312 920 rium
344 853 756 916 tradiderithuo
792 868 860 900 ex
891 855 995 917 loeo
1026 854 1289 907 discimus,
1307 854 1516 916 Phocum
1550 871 1577 903 e
1601 854 1828 908 ‚Phocide
1859 855 1923 911 in,
1953 854 2186 915 Aeginam
2208 870 2473 908 ¹reversum

185 948 214 978 a
244 935 385 980 Peleo
418 935 720 999 interfectum
753 948 890 993 esse„
934 935 1156 997 Denique
1186 949 1275 996 per
1310 935 1514 997 eundem
1556 935 1681 992 hunc
1711 934 2102 995 Phocum,A.eaei
2125 935 2356 995 Phocidis
2389 951 2474 994 ito-5

184 1030 295 1079 men
330 1018 473 1060 latius
498 1030 727 1076 sparsum
759 1029 879 1070 esse,
912 1016 1174 1070 Pausanias
1204 1016 1380 1062 iterum
1414 1023 1618 1071 testatur
1650 1016 1712 1062 X.
1757 1021 1798 1063 1.
1834 1017 1942 1063 init.
1981 1023 2030 1063 et
2069 1017 2352 1069 confirmant
2387 1018 2472 1066 alii

185 1096 519 1159 (Eustath5ad
552 1097 688 1144 Iliad.
724 1097 781 1157 Π.
818 1101 922 1158 517.
955 1097 1112 1160 Schol.
1147 1098 1318 1152 minor.
1353 1105 1401 1159 et
1435 1097 1513 1144 ad.
1533 1097 1771 1159 Apollon.
1803 1097 1964 1160 Rhod,
1986 1097 2021 1143 1.
2055 1099 2228 1158 207.)“.
2257 1125 2320 1135 --
2352 1097 2472 1151 Tum

185 1176 236 1222 C.
270 1177 325 1243 Ο.Ι
360 1178 617 1222 Muellerus
650 1180 699 1240 in
734 1177 951 1241 Aeginet.
988 1194 1034 1239 p.
1070 1182 1146 1239 23.
1172 1178 1319 1240 Phoci
1353 1179 1545 1235 caedem
1580 1179 1840 1236 mythice
1877 1178 2069 1240 quidem
2104 1178 2472 1234 veram‚.histo-

183 1260 279 1303 rice
308 1260 333 1302 f
336 1260 520 1302 alsam
554 1274 658 1303 esse
677 1273 872 1317 eamque
892 1260 954 1302 ob
976 1274 1074 1302 rem
1091 1259 1224 1302 aliud
1245 1260 1376 1318 quid,
1396 1274 1536 1318 quam
1558 1260 1678 1304 hanc
1688 1260 2318 1320 caiusamfuissecensegcnr
2335 1260 2471 1312 Tela·

182 1354 291 1383 mon
306 1339 367 1382 ad
379 1338 643 1396 Cychreum
656 1340 984 1393 Salaminium,
1008 1340 1174 1383 Peleus
1188 1339 1408 1383 Phthiam
1432 1340 1493 1400 ad
1507 1340 1728 1387 Actorem
1741 1340 1901 1397 fugere
1914 1341 2063 1385 coacti
2077 1341 2189 1387 sint.
2219 1339 2470 1387 Caeterum

182 1421 447 1465 Pausaniae
481 1420 561 1478 (X.
597 1426 671 1464 30.
705 1420 747 1481 ξ.
782 1423 847 1478 2.)
882 1422 1224 1479 narrationem,
1255 1421 1516 1478 secun-dum
1550 1436 1690 1481 quam
1724 1421 1907 1478 Phocus
1940 1437 1966 1482 e
2000 1421 2208 1466 Phocide
2243 1422 2293 1467 in
2329 1422 2471 1480 Aegi-

182 1516 292 1547 nam
326 1515 548 1546 reversus
579 1502 643 1546 sit
674 1510 722 1546 et
754 1508 855 1546 tum
888 1508 1089 1567 mortem
1130 1503 1412 1562 oppetierit,
1456 1501 1618 1560 Crisus
1658 1511 1820 1549 antem
1861 1510 1910 1550 et
1950 1502 2202 1563 Panopeus
2243 1503 2330 1547 filii
2361 1511 2471 1563 post

180 1584 297 1628 haec
328 1585 500 1643 iterum
531 1584 581 1627 in
610 1583 866 1628 Phocidem
898 1566 1147 1638 redierint,
1176 1584 1316 1628 nihili
1350 1584 1615 1641 habendam
1648 1598 1752 1629 esse
1777 1584 1976 1643 Judicat.
2041 1583 2294 1639 Dubitatio
2326 1584 2471 1628 immo

181 1674 229 1709 et
261 1665 381 1709 mihi
413 1665 653 1722 injicitur,
696 1665 936 1724 quomodo
969 1666 1072 1709 fieri
1106 1667 1340 1724 potuerit,
1384 1674 1437 1709 ut
1469 1666 1676 1719 Phocus,
1715 1680 1822 1710 cum
1859 1666 1963 1709 sine
2004 1664 2151 1725 dubio
2193 1649 2469 1721 adolescens

180 1748 232 1790 in
281 1747 439 1806 patria
483 1745 626 1790 domo
678 1760 706 1790 a
755 1745 982 1808 fratribus
1026 1746 1127 1805 jam
1173 1746 1355 1791 occisus
1396 1748 1482 1802 sit,
1521 1755 1681 1791 tamen
1724 1747 1776 1791 in
1825 1753 2001 1792 terram
2045 1759 2075 1790 a
2117 1760 2168 1790 se
2214 1743 2468 1791 Phocidem

180 1836 350 1889 postea
383 1827 558 1872 dictam
582 1829 891 1887 emigraverit
923 1827 1138 1886 duosque
1171 1828 1294 1872 filios
1327 1829 1594 1887 reliquerit:
1627 1841 1767 1887 quam
1800 1827 1993 1887 quidem
2034 1834 2285 1886 utramque
2318 1828 2467 1872 tradi-

181 1911 361 1953 tionem
396 1910 673 1969 Pausanias,
704 1917 756 1951 ut
788 1909 932 1952 modo
968 1909 1193 1969 vidimus,
1227 1910 1482 1953 conciliare
1515 1909 1690 1971 studet.
1722 1934 1785 1942 -—
1816 1906 2025 1969 Accedit
2059 1914 2112 1952 ut
2144 1907 2294 1968 (quod
2326 1907 2376 1953 C.
2411 1909 2464 1952 Ο.

179 1989 438 2034 Muellerus
458 1971 558 2048 Jam
586 1990 834 2034 observat:
868 1989 1087 2048 Aeginet.
1122 2006 1169 2051 p.
1201 1993 1274 2034 23.
1310 1998 1408 2034 not.
1441 1991 1495 2049 t.)
1522 1989 1667 2036 Phoci
1700 1988 1825 2033 filius
1857 1989 2107 2050 Panopeus
2133 1987 2377 2050 (Apollod.
2408 1989 2467 2034 11.

179 2075 222 2115 4.
258 2052 299 2114 7.
334 2070 375 2130 ξ.
395 2073 462 2129 3.)
492 2071 998 2131 cum-Amphitruone,
1032 2073 1112 2131 qui
1146 2071 1287 2115 Peleo
1315 2071 1499 2116 duabus
1531 2069 1771 2115 aetatibus
1812 2071 1963 2128 maj0r
2000 2077 2090 2123 est,
2132 2077 2300 2114 contra
2333 2069 2467 2115 Tele·

182 2154 295 2197 boas
331 2154 563 2197 militasse
598 2153 811 2197 dicatur:
861 2167 981 2213 quae
1026 2167 1101 2197 res
1145 2153 1204 2197 de
1238 2153 1450 2213 Panopei
1485 2153 1669 2212 origine
1701 2150 2027 2210 dubitationes
2066 2150 2260 2212 quidem
2290 2159 2467 2209 movet,

178 2221 269 2278 etsi
317 2234 554 2293 eJusmodi
597 2249 781 2278 errores
828 2236 879 2278 in
918 2243 1186 2295 temporum
1230 2235 1417 2278 ratione
1467 2232 1803 2278 constituenda
1847 2246 1943 2276 non
1988 2246 2096 2277 raro
2141 2233 2466 2287 inveniantur,

177 2316 491 2360 fabulosae
532 2317 756 2359 aetatis
801 2317 1090 2360 traditiones
1131 2317 1174 2382 si
1214 2323 1497 2375 spectamus.
1595 2294 1668 2358 Ᾰη
1717 2313 2039 2373 Apollodorus
2095 2312 2218 2358 hunc
2259 2313 2466 2358 Phocum

178 2398 321 2441 Aeaci
373 2398 520 2440 filiu-‚n
583 2412 688 2440 cum
736 2398 914 2451 altero,
963 2397 1139 2453 Ornyti
1189 2398 1303 2449 filio,
1352 2397 1553 2439 fortasse
1604 2393 1847 2439 confudit?
1901 2420 1963 2428 —
2019 2394 2084 2438 At
2142 2396 2191 2438 in
2242 2395 2465 2439 omnibus

179 2479 252 2522 his
286 2478 563 2539 perdifficile
597 2479 690 2522 erit
724 2478 876 2532 dictu,
906 2478 1024 2537 quid
1056 2478 1117 2522 ad
1155 2486 1331 2522 certam
1366 2477 1638 2530 historiam,
1678 2475 1794 2535 quid
1832 2475 1894 2520 ad
1938 2475 2123 2520 fabulas
2164 2474 2464 2520 referendum

178 2562 258 2604 sit:
310 2575 455 2619 quare
489 2562 539 2603 in
574 2561 649 2613 iis,
684 2574 804 2618 quae
837 2560 897 2604 ab
931 2549 1157 2618 antiquis
1175 2558 1489 2619 scriptoribus
1523 2557 1662 2602 nobis
1694 2556 1949 2601 traduntur
1981 2556 2040 2601 de
2069 2570 2226 2611 causa,
2261 2572 2343 2601 cur
2377 2557 2464 2602 Pe-

178 2643 278 2686 leus
312 2650 360 2685 et
377 2641 603 2686 Telamon
640 2656 703 2686 ex
736 2641 918 2700 Aegina
950 2641 1172 2699 fugerint,
1205 2640 1598 2699 acquiescendum
1632 2653 1736 2684 esse
1764 2653 1950 2693 censeo,
1984 2653 2088 2683 cum
2105 2652 2285 2693 omnes,
2323 2653 2462 2699 quae-

178 2739 377 2783 cumque
399 2725 525 2782 sint,
560 2725 856 2783 conjecturae
889 2724 958 2768 rei
993 2724 1144 2767 lucem
1176 2722 1346 2766 afferre
1381 2723 1470 2766 vix
1504 2722 1706 2782 possint.

366 2869 457 2911 Sed
495 2868 554 2911 de
589 2868 661 2910 his
689 2870 787 2925 jam
822 2869 953 2910 satis.
1018 2867 1154 2911 Nunc
1188 2866 1227 2908 si
1262 2866 1549 2909 revertimur
1581 2864 1641 2909 ad
1675 2865 1805 2908 illam
1844 2864 2169 2917 traditionem,
2203 2863 2462 2909 seeundum

176 2966 316 3009 quam
353 2947 487 2994 Crisa
521 2949 752 3006 originem
786 2944 1055 3007 nomenque
1089 2947 1287 2992 duxerit
1316 2946 1499 2992 aCriso
1534 2955 1757 3003 tyranno,
1788 2960 1888 2990 non
1923 2959 2190 3005 possumus,
2225 2946 2339 3004 quin
2372 2946 2461 2988 hac
