2680 3331
1323 155 1392 210 16

204 296 347 339 nonis
381 293 545 339 domui
579 294 858 340 amicissimi
890 293 1039 348 fuisse
1071 308 1101 339 a
1130 295 1288 355 poetis
1307 302 1579 349 mutantur.
1617 293 2002 355 Clytaemestra
2031 296 2324 351 &mummio
2355 295 2496 354 Aegi·

204 376 433 435 sthusque
468 376 622 419 socios
656 373 1343 428 (Boevtae'vovc)-sibiadsciscere
1379 375 1630 443 studente
1652 375 2282 436 Panopeigoumfctinaeis
2298 377 2496 426 infenso

203 460 279 515 (cf.
315 458 537 519 Sophoci,
572 457 744 501 Eiectr.
781 471 826 500 v.
860 460 936 501 45.
970 460 1120 515 660.)·
1171 473 1280 518 qua
1301 458 1361 503 de
1394 473 1445 502 re
1477 450 1622 523 adeas
1656 472 1743 514 ea,
1773 472 1893 518 quae
1917 457 1984 509 G,
2016 458 2071 505 0.
2102 459 2385 511 wallerus
2401 459 2498 507 dis-

203 542 396 600 putavit.
427 541 476 584 in
520 538 921 600 Ephemeridibus
954 525 1170 599 Gotting.
1206 545 1338 587 1831.
1374 540 1462 586 Νο.
1486 545 1594 586 101:
1621 541 1902 601 quibuscum
1934 540 2222 588 conferenda
2251 548 2365 589 sunt
2396 542 2495 586 aG.

204 622 484 668 Hermanno
520 621 657 667 docte
688 628 833 680 atque
871 621 1121 680 ingeniose
1153 623 1385 683 adnotata
1417 622 1529 680 (1.1.
1563 623 1614 667 in
1644 623 1737 669 fine
1771 630 1869 669 not.
1901 623 2015 680 44.)
2486 666 2488 669 .

354 700 584 749 Deinde
628 703 907 748 invenimus
950 691 1231 765 Dauiffl
1273 705 1512 765 quendam
1555 703 1720 750 Crisae
1761 713 2060 764 tyrannum,
2095 704 2497 766 quem-Ephorus

203 787 330 847 apud
382 787 667 831 Strabonem
713 785 792 829 Vl.
839 799 886 844 p.
932 788 1038 830 265.
1077 785 1324 846 (Casaub.)
1368 787 1702 848 Metapontum
1745 788 1796 831 in
1837 787 1978 833 Italia
2016 786 2290 840 condidisse
2333 786 2495 835 tradit.

204 869 309 913 Non
347 876 506 912 autem
543 875 656 912 tunc
698 867 906 927 primum
941 867 1185 921 conditum
1225 868 1583 928 Metapontum,
1625 868 1710 913 sed
1746 868 2103 928 antiquissimis
2136 868 2252 920 belli
2295 867 2497 926 Trojani

204 950 500 1008 temporibus
534 948 786 992 fundatum
820 948 971 992 fertur
997 948 1059 992 ab
1094 948 1254 1007 Epeo
1291 950 1503 1008 Panopei
1539 950 1638 992 filio
1669 949 1746 1006 (cf.
1787 957 1902 995 ante
1936 958 2034 999 not.
2057 953 2180 1005 22).
2247 949 2497 998 Caeterum

204 1031 264 1076 dc
283 1031 429 1091 hujus
464 1030 595 1074 urbis
631 1030 815 1088 origine
847 1029 965 1074 alias
998 1028 1282 1076 traditiones
1317 1031 1530 1076 maxime
1561 1029 2033 1083 diver-sasinvenies
2066 1030 2497 1091 apudVStrabonem

203 1114 418 1172 aliosque
454 1113 710 1171 scriptores
745 1112 833 1166 ⁴⁶),
868 1125 987 1170 quac
1023 1110 1084 1154 ad
1120 1119 1331 1155 nostram
1356 1112 1806 1159 commentationem
1842 1124 1936 1156 non
1971 1112 2230 1172 pertinent.
2295 1112 2497 1157 Daulius

206 1196 300 1249 ine,
336 1203 387 1237 ut
423 1194 683 1237 verisimile
716 1199 803 1246 est,
837 1192 1043 1236 Daulide
1078 1192 1301 1238 Phocidis
1336 1192 1592 1247 oriundus,
1625 1192 1860 1237 coloniam
1893 1192 1958 1242 in.
1986 1192 2094 1237 ilias
2137 1193 2305 1240 Italiae
2347 1193 2498 1251 regio·

205 1291 290 1320 nes
318 1277 521 1319 sortasse
557 1275 702 1318 duxit
732 1275 805 1329 47)
844 1274 1105 1333 urbemque
1147 1274 1478 1334 Metapontum
1511 1274 1818 1328 instauravit,
1855 1281 2109 1334 postquam
2141 1289 2170 1319 a
2203 1275 2497 1324 Samnitibus

206 1360 363 1404 deleta
396 1365 513 1410 erat,
549 1357 673 1415 quod
711 1356 885 1399 factum
921 1370 1026 1399 esse
1052 1357 1196 1400 refert
1222 1355 1488 1400 Antiochus
1521 1338 1650 1415 apud
1675 1356 1961 1401 Strabonem
1994 1357 2046 1413 (Ι.
2071 1358 2124 1412 1.)
2153 1382 2216 1391 —-
2244 1356 2352 1401 Jam
2381 1370 2498 1400 vero

205 1441 265 1484 de
300 1449 529 1497 tempore,
558 1451 766 1496 quonam
801 1437 987 1481 vixerit
1020 1438 1100 1481 ine
1127 1438 1345 1490 Daulius,
1385 1437 1508 1482 nihil
1541 1437 1734 1482 scimus:
1774 1436 1994 1495 equidem
2036 1437 2182 1494 igitur
2220 1451 2318 1482 non
2359 1438 2498 1481 intel-

206 1522 325 1578 ligo,
361 1534 455 1579 quo
492 1520 600 1577 jure
642 1517 866 1564 Marxius
906 1517 965 1562 ad
1011 1517 1258 1578 Ephorum
1304 1534 1349 1578 p.
1396 1522 1497 1564 ¹158.
1541 1518 1776 1578 suspicari
1816 1517 2050 1578 potuerit,
2095 1518 2428 1578 Metapontum
2469 1530 2498 1562 a

206 1602 382 1646 Daulio
416 1602 500 1644 iilo
534 1607 854 1644 restauratum
888 1613 991 1643 esse
1024 1599 1214 1659 Olymp.
1242 1598 1515 1654 LXXX1113
1556 1613 1668 1646 nam
1710 1597 1845 1644 Crisa
1883 1598 2074 1660 Olymp.
2107 1598 2298 1646 XLVII.
2327 1602 2371 1642 3.
2401 1599 2497 1656 jam

206 1684 387 1736 deleta,
439 1681 837 1739 Crisaeorumque
879 1689 1006 1724 terra
1058 1681 1297 1740 Delphico
1337 1695 1449 1738 agro
1492 1681 1704 1740 adjecta,
1765 1694 1821 1724 ea
1861 1688 2045 1734 aetate,
2082 1693 2235 1739 quam
2277 1680 2497 1726 Marxius

205 1765 403 1817 indicat,
437 1764 497 1808 de
532 1762 743 1808 Crisae
777 1762 948 1806 urbis
983 1769 1244 1819 tyranno
1278 1776 1374 1806 non
1409 1763 1614 1822 amplius
1647 1762 1725 1820 agi
1756 1762 1916 1822 potuit
1940 1762 2027 1818 ⁴⁸).

397 1845 670 1901 Hesychius
705 1844 910 1901 denique
946 1844 1004 1887 de
1038 1844 1341 1888 Crisaeorum
1376 1844 1595 1900 tyrannis
1628 1844 1922 1887 mentionem
1950 1843 2078 1897 facit,
2112 1857 2231 1902 quos
2260 1843 2498 1893 Κρακαλῶας

205 1928 327 1985 (vid.
365 1928 409 1970 h.
446 1929 515 1981 v.)
543 1933 696 1970 vocat.
762 1925 869 1969 Non
906 1924 1090 1980 dubito,
1124 1926 1239 1984 quin
1274 1925 1362 1969 hoc
1395 1939 1579 1970 nomen*
1604 1926 1668 1968 sit
1707 1923 1837 1969 idem
1881 1938 1937 1969 ae
1968 1924 2260 1975 Κραυγαλλίδαι,
2287 1924 2495 1973 Κραυαλλί-

206 2015 291 2051 aas:
325 2010 399 2054 vel
432 2007 726 2064 Ἀκραγαλλίδαι,
755 2015 807 2051 ut
839 2006 967 2067 apud
991 2006 1276 2053 Aeschinem
1309 2006 1419 2051 adv.
1441 2004 1801 2066 Ctesiphontem
1833 2022 1880 2067 p.
1916 2010 2018 2052 142.
2043 2014 2092 2053 et
2126 2007 2230 2054 143.
2255 2006 2496 2064 (Weigel.)

206 2093 437 2151 scriptum
468 2090 731 2135 invenitur.
797 2088 872 2133 Ab
914 2088 1002 2133 hoc
1049 2088 1295 2134 hominum
1336 2103 1508 2146 genere
1546 2088 1626 2146 (de
1671 2102 1766 2148 quo
1809 2088 2026 2148 pluribus
2068 2089 2165 2135 alio
2204 2089 2307 2134 loco
2356 2088 2495 2133 nobis

207 2173 553 2234 disputandum
587 2173 698 2227 erit)
748 2172 968 2215 nonnulli
1013 2170 1315 2216 Crisaeorum
1362 2171 1559 2228 tyranni
1601 2171 1833 2229 originem
1874 2171 2077 2217 fortasse
2118 2170 2384 2217 duxerunt:
2447 2178 2496 2214 at

209 2256 469 2300 doiendum
504 2263 601 2307 est,
634 2254 681 2296 in
719 2253 804 2296 hac
837 2267 1024 2311 quoque
1058 2269 1110 2297 re
1143 2252 1365 2296 omnibus
1400 2254 1542 2296 certis
1583 2253 1876 2309 argumentis
1915 2266 2004 2299 nos
2037 2266 2214 2297 carere.-
2247 2271 2308 2285 —÷-

400 2335 657 2394 Quousque
693 2333 994 2378 Crisaeorum
1029 2335 1200 2378 civitas
1234 2342 1551 2391 tyrannorum
1585 2333 1788 2393 imperio
1822 2333 2031 2391 subjecta
2064 2332 2222 2387 fuerit,
2258 2347 2353 2378 non
2387 2347 2496 2378 con-

209 2428 327 2463 stat:
363 2419 448 2462 sed
477 2418 588 2461 belli
621 2417 765 2476 primi
800 2417 921 2460 sacri
951 2417 1247 2475 temporibus
1279 2416 1501 2459 libertate
1528 2417 1626 2473 Jam
1663 2430 1794 2459 usam
1809 2429 1933 2469 esse,r
1964 2416 2066 2459 veri
2090 2415 2384 2459 simillimum
2408 2423 2494 2459 est.

402 2571 627 2614 Attamen
666 2584 725 2612 ne
759 2570 986 2612 arctiores
1020 2568 1158 2626 hujus
1186 2568 1538 2613 dissertationis
1561 2569 1678 2611 fines
1697 2568 2116 2631 transgrediamur,
2141 2568 2350 2627 reliquis,
2366 2560 2496 2626 'quae

211 2654 273 2699 ad
307 2651 470 2698 Crisae
499 2651 752 2696 historiam
786 2656 1027 2712 spectant,
1062 2650 1276 2706 omissis,
1317 2649 1645 2710 quaestionem
1687 2649 1818 2695 illam
1861 2648 1987 2694 intcr
2018 2635 2368 2706 Yirosdoctos
2395 2649 2495 2707 jam

236 2786 290 2824 ⁸⁸)
315 2789 507 2822 lnterprett.
529 2786 579 2814 ad.
604 2785 720 2820 Vellei.
748 2786 773 2813 Ι.
800 2785 827 2813 1.
850 2784 979 2821 Scymn.
1003 2784 1103 2813 chiu-
1126 2793 1156 2813 ν.
1180 2785 1250 2825 326.
1295 2784 1439 2821 Etynol.
1462 2785 1574 2821 nup.
1595 2793 1623 2813 v.
1647 2778 1890 2818 Μετσπόηιοςς
1912 2783 2065 2813 Euat-th.
2086 2783 2137 2812 ad.
2160 2782 2295 2819 Dionys-
2318 2781 2444 2819 Perieg.
2467 2791 2495 2810 v.

318 2840 389 2867 358.
433 2838 547 2872 Steph.
571 2837 646 2873 Byn.
670 2846 699 2865 v.
723 2836 856 2865 Μεταπ.
880 2851 922 2858 -

233 2889 286 2923 ⁴⁷)
310 2890 356 2917 Cf·
381 2889 494 2917 Mucii.
518 2888 636 2916 Dorici·
667 2889 691 2916 Ι.
714 2897 743 2924 p.
768 2889 839 2915 264.

236 2941 288 2978 θ’)
313 2941 526 2970 wnehnmuth
553 2940 701 2977 (Hellen.
727 2938 1043 2970 Aiterthumnkunde
1066 2939 1089 2966 1.
1116 2939 1144 2967 1.
1169 2947 1198 2975 p.
1222 2937 1310 2974 2¹16.)
1333 2938 1417 2967 hune
1430 2938 1583 2967 Daunum
1609 2944 1778 2975 perperam
1800 2939 1891 2966 vocat
1906 2935 2149 2972 Dsntidem,
2173 2935 2374 2971 eundemque
2396 2934 2497 2965 fuine

337 2995 430 3019 euset.
454 2995 550 3027 atque
571 2993 595 3019 A
612 3000 630 3019 u
642 2991 653 3019 1
664 2991 672 3018 i
683 3000 717 3027 n,
742 2999 838 3027 quem
848 2990 1015 3019 Plutarch.
1027 2990 1066 3018 de
1081 2990 1246 3027 Malignit.
1260 2990 1494 3024 Hermionen).
1508 2990 1557 3017 21.
1569 2989 1728 3027 (Tauchn.
1741 2988 1779 3015 Τ.
1795 2987 1873 3024 V.)t
1890 2986 2106 3016 Phocensibua
2118 2985 2287 3021 expulsum
2298 2993 2370 3014 ene
2386 2984 2496 3013 tradit.

2513 0 2567 11 -----
