2680 3331
1309 141 1348 175 11

188 265 416 330 dicitur,
464 266 812 333 potissimum
849 267 1153 334 quaerenda
1190 274 1290 317 est.
1369 269 1515 319 Tum
1552 284 1624 320 ex
1655 268 1774 336 ipsa
1819 268 1947 320 belli
1997 266 2205 321 Crisaei
2251 268 2477 321 historia

188 355 351 414 patet,
389 347 492 398 hoc
526 347 1007 423 Amphictyonum,
1046 349 1241 414 quibus
1279 349 1632 416 praecipuum
1674 349 1781 402 fuit
1825 365 2009 401 rerum
2047 350 2291 402 omnium
2325 350 2471 415 judi-

188 428 353 491 cium,
390 428 619 479 consilio
659 428 905 492 solemni,
945 426 1297 495 omniumque
1335 428 1505 497 igitur
1529 427 1865 482 Graecorum
1902 445 2166 481 consensu
2203 445 2321 480 esse
2358 446 2475 481 sus-

190 517 431 574 ceptum:
504 525 630 560 nam
666 509 820 580 ,belli
881 524 1042 560 causa
1084 509 1190 559 fuit
1234 526 1324 574 ea,
1393 526 1531 577 quae
1586 512 1655 562 ad
1701 519 1918 583 cunetas
1977 508 2239 564 Graeciae
2290 521 2474 578 gentes

190 590 431 639 maxime
467 591 784 656 pertineret,
838 606 965 640 cum
1002 591 1079 639 ad
1127 591 1360 656 templi
1417 592 1806 657 oraculique
1844 591 2160 658 Delphici
2203 591 2475 659 religio-

191 686 334 720 nem
381 678 579 737 atque
623 671 1122 738 integritatem,
1177 687 1313 737 quae
1371 672 1831 738 Amphictyonum
1878 672 2109 723 concilio
2156 672 2476 739 praecipuae

190 768 351 802 curae
391 759 561 814 erant,
599 751 990 802 restituendam
1026 767 1340 819 eorumque,
1378 753 1471 820 qui
1510 754 1578 803 ad
1616 753 1895 803 oraculum
1932 753 2320 804 consulendum
2350 769 2475 821 pro-

189 833 592 896 ficiscerentur,
641 832 1073 883 incolumitatem
1120 836 1439 885 servandam
1484 840 1767 901 spectaret.
1839 834 1922 885 Eo
1957 835 2180 897 accedit,
2220 842 2278 885 ut
2322 834 2477 885 Crisa

191 914 372 965 diruta
420 914 873 979 Crisaeorumque
926 922 1069 963 terra
1116 914 1316 978 Pythio
1365 916 1483 966 Deo
1532 915 1802 978 dedicata,
1848 931 2030 966 sacrae
2077 924 2252 966 terrae
2299 916 2473 966 deter-

190 996 436 1058 minatio,
476 1010 637 1060 quam
673 995 817 1045 inter
853 996 1154 1059 adjacentes
1193 996 1438 1045 civitates
1475 996 1598 1061 plus
1636 995 1804 1044 semel
1841 996 2235 1046 discordiarum
2260 1012 2476 1073 causam

189 1077 503 1143 praebuisse
547 1076 768 1138 scimus,
803 1090 975 1141 usque
1018 1076 1086 1125 ad
1122 1076 1424 1142 posteriora
1458 1075 1693 1126 Romani
1730 1075 1953 1142 Imperii
1987 1083 2233 1143 tempora
2256 1079 2477 1127 'summa

191 1172 317 1206 cum
353 1156 618 1223 religione
658 1156 1050 1226 severitateque
1094 1157 1498 1207 observaretur=
1551 1156 1697 1222 quod
1742 1167 1867 1207 cum
1913 1166 1991 1206 ex
2030 1170 2215 1208 rerum
2252 1144 2474 1224 sequen-

190 1238 330 1287 tium
367 1237 783 1301 narrationibuS,
819 1243 938 1287 tum
972 1249 1045 1287 ex
1083 1237 1316 1304 antiquis
1355 1224 1720 1288 monumentis
1737 1235 1858 1287 illas
1887 1240 1977 1289 'res
2008 1234 2476 1306 illustrantibus&

190 1319 539 1386 intelligitur:
577 1348 650 1355 —-
686 1317 935 1384 deniqne,
968 1320 1113 1384 quod
1135 1331 1408 1367 summum
1441 1325 1539 1381 est,
1564 1317 2007 1381 Pythicorum
2042 1309 2476 1369 certaminum

189 1400 635 1449 instaurationem
670 1399 1207 1464 Pythiad-umque
1252 1400 1516 1447 rationem
1557 1412 1683 1447 cum
1730 1396 2074 1449 Crisaeorum
2121 1399 2357 1449 civitatis
2392 1399 2474 1449 in·

190 1480 355 1530 teritu
394 1481 697 1531 arctissime
741 1481 1068 1545 conjunctas
1094 1479 1359 1531 videmus·
2035 1478 2037 1480 ’
2422 1477 2426 1480 ’

379 1570 748 1630 Quamobrem
785 1585 958 1636 neque
994 1571 1298 1637 indignum,
1338 1585 1511 1636 neque
1545 1569 1739 1618 inutile
1777 1568 1910 1618 mihi
1949 1570 2127 1619 visum
2159 1577 2241 1630 est
2260 1584 2475 1636 suscep-

193 1660 327 1713 tum,
366 1652 549 1701 omnia
584 1667 720 1718 qnae
758 1651 825 1700 ad
857 1658 1161 1700 accuratam
1187 1651 1336 1700 urbis
1369 1647 1556 1700 Crisae
1587 1648 1955 1716 cognitionem
1984 1650 2272 1716 pertinent,
2309 1664 2473 1715 quan·

193 1742 310 1783 tum
348 1733 568 1799 quidem
604 1731 802 1799 partim
846 1747 917 1782 ex
962 1732 1195 1798 antiquis
1240 1730 1570 1793 auctoribus,
1602 1730 1801 1797 partim
1843 1746 1874 1780 e
1910 1730 2278 1782 recentiorum
2307 1730 2476 1797 scrip-

193 1815 263 1864 tis
300 1813 419 1865 erui
458 1822 697 1880 possent,
747 1812 1001 1879 colligere
1048 1820 1207 1879 atque
1252 1827 1600 1879 componere:
1656 1812 1985 1877 praesertim
2013 1824 2137 1862 cum
2180 1819 2234 1861 et
2276 1808 2477 1879 singuli

193 1896 569 1946 tantummodo
615 1894 721 1946 viri
758 1894 905 1946 docti
948 1893 1111 1964 (inter
1152 1909 1286 1960 quos
1331 1909 1456 1944 cum
1503 1891 1832 1955 eruditione,
1875 1891 1992 1943 tum
2028 1891 2235 1943 eximio
2271 1891 2478 1959 ingenii

193 1977 440 2027 acumine
474 1976 736 2043 insigneS,
774 1975 839 2025 A.
879 1973 1182 2026 Boeckhius
1220 1982 1380 2041 atque
1414 1972 1474 2025 C.
1503 1971 1570 2025 Ο.
1600 1969 1919 2042 Muellerus)
1960 1970 2108 2040 iique
2146 1972 2206 2023 in
2249 1972 2478 2024 transitu

195 2058 369 2109 adhuc
404 2073 521 2107 rem
561 2056 934 2107 tractaverint:
983 2085 1049 2091 —
1100 2063 1154 2105 et
1191 2070 1315 2106 cum
1352 2053 1632 2117 Boeckhii,
1669 2053 1794 2104 Viri
1836 2049 2009 2105 laude
2031 2068 2150 2104 mea
2190 2053 2351 2120 longe
2387 2059 2475 2104 'su-

197 2140 455 2206 perioriS‚
492 2137 859 2205 praeceptoris
899 2138 1170 2204 quondam
1203 2137 1312 2187 mei
1349 2151 1562 2186 summe
1595 2133 1891 2186 venerandi
1931 2132 2158 2185 consilio
2199 2128 2330 2185 olim
2378 2142 2475 2184 ex-

196 2222 388 2272 citatus
437 2219 884 2270 Phocicarum
935 2235 1086 2268 reru
1103 2236 1157 2268 m
1200 2219 1382 2268 studio
1441 2217 1646 2284 aliquot
1686 2217 1800 2280 jam
1844 2231 1942 2283 per
1985 2231 2152 2265 annos
2190 2229 2279 2265 me
2315 2215 2475 2266 dede-

197 2303 319 2352 rim.
376 2299 648 2362 Quoniam
686 2317 816 2350 vero
860 2308 1081 2367 propter
1119 2300 1379 2366 temporis
1417 2298 1692 2365 angustias
1729 2297 2201 2363 subsidioru‘mque
2236 2295 2476 2363 inopiam

197 2393 365 2433 totam
412 2381 923 2433 commentationem
980 2383 1093 2445 jam
1156 2398 1299 2431 nunc
1344 2381 1402 2430 in
1458 2380 1634 2429 lucem
1679 2377 1925 2443 proferre
1974 2374 2108 2427 mihi
2153 2393 2262 2427 non
2304 2377 2477 2442 licuit,

198 2463 396 2514 hancce
430 2463 524 2514 De
564 2460 801 2513 Crisae
837 2460 1063 2512 initiis
1102 2461 1525 2526 nominisque
1561 2457 1828 2525 origine
1862 2457 2173 2524 speciminis
2202 2456 2474 2526 locopar-

192 2545 419 2595 ⁷ticulam
456 2543 865 2595 describendam
908 2543 1120 2594 curavi:
1151 2545 1370 2610 jamque
1409 2555 1557 2604 vero,
1602 2546 1663 2590 ut
1700 2537 1802 2589 hoc
1847 2538 2210 2607 fragmentum
2256 2538 2476 2592 lecturis

196 2643 307 2676 non
340 2642 564 2692 prorsus
602 2625 902 2692 displiceat,
945 2625 1128 2674 velim.

270 2778 305 2820 ⁸)
332 2774 385 2811 cf.
412 2775 501 2812 duan
526 2774 789 2823 Insuiptimeo
814 2773 968 2821 Delphis
992 2783 1152 2822 repa-tu
1183 2777 1221 2812 in
1258 2775 1434 2812 Booekhii
1467 2773 1573 2820 Coi-p.
1598 2772 1784 2818 incriptt.
1805 2770 1935 2807 Graec.
1961 2768 2005 2807 T.
2031 2770 2058 2807 Ι.
2085 2770 2154 2807 No.
2183 2773 2284 2808 1711.
2331 2774 2361 2809 A
2386 2779 2424 2809 et
2447 2773 2477 2808 B

330 2833 465 2868 editu:
493 2832 555 2869 ubi
581 2833 624 2868 de
650 2845 773 2868 sacrae
799 2840 917 2868 terrae
943 2832 1074 2868 finibu-
1100 2833 1205 2869 docte
1230 2833 1436 2881 disertoque
1460 2831 1661 2878 disputavit
1686 2828 1729 2863 V.
1755 2826 1801 2863 C!-

972 2950 1709 2993 ν-ἢ-ι-ωέῌβὲΰέῆτω--υ-
